

@article{Zhihu,
  title={Discussions in Zhihu},
  note={https://www.zhihu.com/question/22625187},
}


